% !Mode:: "TeX:UTF-8"
%如果将此文件删除(删除文件,不是删除内容),则论文中不会出现攻读期间取得的研究成果一章。

@conference{wodeMaWang:APCCAS'14,
 author = {Jian Ma and Hai Wang and Sheldon Tan and Chi Zhang and He Tang},
 title = {Hybrid Dynamic Thermal Management Method with Model Predictive Control},
 publisher = {IEEE Asia Pacific Conference on Circuits and Systems},
 year = {2014},
 month = {November},
 address = {Okinawa, Japan},
 pages={743--746},
}

@article{myjournal,
  title={Hierarchical Dynamic Thermal Management Method for High-Performance Many-Core Microprocessors},
  author={ Hai Wang and Jian Ma and Sheldon Tan and Chi Zhang and He Tang},
  journal={ACM Transactions on Design Automation of Electronic Systems (TODAES)},
  year={2016},
  publisher={ACM}
}