@string{iccad = "Proc. Int. Conf. on Computer Aided Design (ICCAD)"}
@string{dac = "Proc. Design Automation Conf. (DAC)"}
@string{eurodac = "Proc. European Design Automation Conf."}
@string{date = "Proc. European Design and Test Conf. (DATE)"}
@string{aspdac = "Proc. Asia South Pacific Design Automation Conf. (ASPDAC)"}
@string{iccd = "Proc. IEEE Int. Conf. on Computer Design (ICCD)"}
@string{ispd = "Proc.  Int. Symp. on Physical Design (ISPD)"}
@string{cicc = "Proc. IEEE Custom Integrated Circuits Conference (CICC) "}
@string{iscas = "Proc. IEEE Int. Symp. on Circuits and Systems (ISCAS)"}
@string{islped = "Proc. Int. Symp. on Low Power Electronics and Design (ISLPED)"}
@string{iedm = "IEEE International Electron Devices Meeting (IEDM)"}
@string{glvlsi = "Proc. IEEE/ACM International Great Lakes Symposium on VLSI"}
@string{mcmc = "Proc. IEEE Multi-Chip Module Conf."}
@string{icvlsi = "International Conference on VLSI Design"}
@string{isca = "Proc. Int. Symp. on Computer Architecture (ISCA)"}
@string{tcad = "IEEE Trans. on Computer-Aided Design of Integrated Circuits and Systems"}
@string{todaes = "ACM Trans. on Design Automation of Electronics Systems"}
@string{jssc = "IEEE J. Solid-State Circuits"}
@string{tvlsi = "IEEE Trans. on Very Large Scale Integration (VLSI) Systems"}
@string{tcs = "IEEE Trans. on Circuits and Systems"}
@string{tcasI = "IEEE Trans. on Circuits and Systems I: Fundamental Theory and Applications"}
@string{tmit = "IEEE Trans. on Microwave Theory and Techniques"}
@string{tcomp = "IEEE Trans. on Computers"}
@string{integration = "Integration, the VLSI Journal"}
@string{tcasII = "IEEE Trans. on Circuits and Systems II: Analog and Digital Signal Processing"}
@string{bmas = "Proc. IEEE International Workshop on Behavioral Modeling and Simulation (BMAS)"}
@string{aicsp = "Kluwer International Journal on Analog Integrated Circuits and Signal Processing"}
@string{soc = "IEEE Int. System-on-Chip Conf. (SOC)"}
@string{ieice="IEICE Trans. Fundamentals of Electronics, Communications and Computer Sciences"}
@string{mcmc="IEEE Multi-Chip Module Conference"}
@string{jrssb = "Journal of the Royal Statistical Society. Series B (Methodological)"}
@string{assp = "IEEE Trans. Acoustics, Speech, and Signal Processing"}
@string{tsp= "IEEE Trans. on Signal Processing"}
@string{glsvlsi = "Proc. IEEE/ACM International Great Lakes Symposium on VLSI (GLSVLSI)"}
@string{ieeeproc = "Proc. of the IEEE"}
@string{ acc = "Proc. American Control Conference"}
@string{asplos = "Proc. of International Conference on Architectural Support for Programming Languages and Operating Systems (ASPLOS) "}
@string{isqed = "Proc. Int. Symposium. on Quality Electronic Design (ISQED)"}
@string{hpca = "Proc. IEEE Int. Symp. on High-Performance Computer Architecture (HPCA)"}
@string{temm = "Proc. 1st International IEEE Workshop on Thermal Modeling and Management: Chips to Data Centers (TEMM) "}
@string{sigops = "ACM SIGPLAN NOTICES "}
@string{istfa = "35th International Symposium for Testing and Failure Analysis, ISTFA"}
@string{acmcomm="Communications of the ACM"}

%%%%%%%%%%%%%%%%%%%%%%%%%%%%%%%%%%%%%%%%%%%%%%%%%%%%%%%%%%%%%%%%%%%%%%%%%
% publications from our lab
%%%%%%%%%%%%%%%%%%%%%%%%%%%%%%%%%%%%%%%%%%%%%%%%%%%%%%%%%%%%%%%%%%%%%%%%%
@conference{MaWang:APCCAS'14,
 author = {Jian Ma and Hai Wang and Sheldon Tan and Chi Zhang and He Tang},
 title = {Hybrid Dynamic Thermal Management Method with Model Predictive Control},
 publisher = {IEEE Asia Pacific Conference on Circuits and Systems},
 year = {2014},
 month = {November},
 address = {Okinawa, Japan},
 pages={743--746},
}

@ARTICLE{WangTan:TODAES'13,
	author = {Hai Wang and Sheldon Tan and Duo Li and Ashish Gupta and Yuan Yuan},
	journal = todaes,
	title = {Composable Thermal Modeling and Simulation for Architecture-Level Thermal Designs of Multi-core Microprocessors},
	year = {2013},
        month = {March},
        volume = {18},
        number = {2},
        pages = {28:1--28:27},
}



%%%%%%%%%%%%%%%%%%%%%%%%%%%%%%%%%%%%%%%%%%%%%%%%%%%%%%%%%%%%%%%%%%%%%%%%%
% other publications
%%%%%%%%%%%%%%%%%%%%%%%%%%%%%%%%%%%%%%%%%%%%%%%%%%%%%%%%%%%%%%%%%%%%%%%%%
@conference{borkar:DAC'07,
  title={Thousand core chips: a technology perspective},
  author={Borkar, Shekhar},
  publisher={Proceedings of the 44th annual Design Automation Conference},
  pages={746--749},
  address ={2007},
  organization={ACM}
}

@conference{Donald:ISCA'06,
 author = {James Donald and Margaret Martonosi},
 title = {Techniques for Multicore Thermal Management: Classification and New Exploration},
 publisher = isca,
 year = {2006},
 month = {June},
 address = {Boston, MA, USA},
 pages = {78--88},
}

@article{skadron:TACO'04,
  title={Temperature-aware microarchitecture: Modeling and implementation},
  author={Skadron, Kevin and Stan, Mircea R and Sankaranarayanan, Karthik and Huang, Wei and Velusamy, Sivakumar and Tarjan, David},
  journal={ACM Transactions on Architecture and Code Optimization (TACO)},
  volume={1},
  number={1},
  pages={94--125},
  year={2004},
  publisher={ACM}
}

@article{lefurgy2003energy,
  title={Energy management for commercial servers},
  author={Lefurgy, Charles and Rajamani, Karthick and Rawson, Freeman and Felter, Wes and Kistler, Michael and Keller, Tom W},
  journal={Computer},
  volume={36},
  number={12},
  pages={39--48},
  year={2003},
  publisher={IEEE}
}
@conference{ayoub2010gentlecool,
  title={Gentlecool: Cooling aware proactive workload scheduling in multi-machine systems},
  author={Ayoub, Raid and Sharifi, Shervin and Rosing, Tajana Simunic},
  publisher={Proceedings of the Conference on Design, Automation and Test in Europe},
  pages={295--298},
  address ={2010},
  organization={European Design and Automation Association}
}
@article{jedec2003failure,
  title={Failure mechanisms and models for semiconductor devices},
  author={JEDEC Solid State Technology Association and others},
  journal={JEDEC Publication JEP122-B},
  year={2003}
}
@article{liao2005temperature,
  title={Temperature and supply voltage aware performance and power modeling at microarchitecture level},
  author={Liao, Weiping and He, Lei and Lepak, Kevin M},
  journal={Computer-Aided Design of Integrated Circuits and Systems, IEEE Transactions on},
  volume={24},
  number={7},
  pages={1042--1053},
  year={2005},
  publisher={IEEE}
}
@article{zhang2003hotleakage,
  title={Hotleakage: A temperature-aware model of subthreshold and gate leakage for architects},
  author={Zhang, Yan and Parikh, Dharmesh and Sankaranarayanan, Karthik and Skadron, Kevin and Stan, Mircea},
  journal={University of Virginia Dept of Computer Science Tech Report CS-2003},
  volume={5},
  year={2003},
  publisher={Citeseer}
}
@conference{kursun2006investigating,
  title={Investigating the effects of task scheduling on thermal behavior},
  author={Kursun, Eren and Cher, Chen-Yong and Buyuktosunoglu, Alper and Bose, Pradip},
  publisher={Third Workshop on Temperature-Aware Computer Systems (TACSâ€™06)},
  address={2006}
}
@conference{liu2007accurate,
  title={Accurate temperature-dependent integrated circuit leakage power estimation is easy},
  author={Liu, Yongpan and Dick, Robert P and Shang, Li and Yang, Huazhong},
  publisher={Proceedings of the conference on Design, automation and test in Europe},
  pages={1526--1531},
  address={2007},
  organization={EDA Consortium}
}
@conference{pamula2003cooling,
  title={Cooling of integrated circuits using droplet-based microfluidics},
  author={Pamula, Vamsee K and Chakrabarty, Krishnendu},
  publisher={Proceedings of the 13th ACM Great Lakes symposium on VLSI},
  pages={84--87},
  address={2003},
  organization={ACM}
}
@conference{le2010dynamic,
  title={Dynamic voltage and frequency scaling: The laws of diminishing returns},
  author={Le Sueur, Etienne and Heiser, Gernot},
  publisher={Proceedings of the 2010 international conference on Power aware computing and systems},
  pages={1--8},
  address={2010}
}
@conference{suleiman2005dynamic,
  title={Dynamic voltage frequency scaling (DVFS) for microprocessors power and energy reduction},
  author={Suleiman, D and Ibrahim, Muhammed A and Hamarash, I},
  publisher={4th International Conference on Electrical and Electronics Engineering},
  address={2005}
}
@conference{yeo2008predictive,
  title={Predictive dynamic thermal management for multicore systems},
  author={Yeo, Inchoon and Liu, Chih Chun and Kim, Eun Jung},
  publisher={Proceedings of the 45th annual Design Automation Conference},
  pages={734--739},
  address={2008},
  organization={ACM}
}
@conference{coskun2008proactive,
  title={Proactive temperature balancing for low cost thermal management in MPSoCs},
  author={Coskun, Ayse Kivilcim and Rosing, Tajana Simunic and Gross, Kenny Gross C},
  publisher={Computer-Aided Design, 2008. ICCAD 2008. IEEE/ACM International Conference on},
  pages={250--257},
  address={2008},
  organization={IEEE}
}
@incollection{bemporad1999robust,
  title={Robust model predictive control: A survey},
  author={Bemporad, Alberto and Morari, Manfred},
  booktitle={Robustness in identification and control},
  pages={207--226},
  year={1999},
  publisher={Springer}
}
@conference{mulas2008thermal,
  title={Thermal balancing policy for streaming computing on multiprocessor architectures},
  author={Mulas, Fabrizio and Pittau, Michele and Buttu, Marco and Carta, Salvatore and Acquaviva, Andrea and Benini, Luca and Atienza, David},
  publisher={Proceedings of the conference on Design, automation and test in Europe},
  pages={734--739},
  address={2008},
  organization={ACM}
}
@conference{song1995constriction,
  title={Constriction/spreading resistance model for electronics packaging},
  author={Song, Seaho and Au, Van and Moran, Kevin P},
  publisher={Proceedings of the 4th ASME/JSME thermal engineering joint conference},
  volume={4},
  pages={199--206},
  address={1995}
}
@conference{huang2004compact,
  title={Compact thermal modeling for temperature-aware design},
  author={Huang, Wei and Stan, Mircea R and Skadron, Kevin and Sankaranarayanan, Karthik and Ghosh, Shougata and Velusam, Sivakumar},
  publisher={Proceedings of the 41st annual Design Automation Conference},
  pages={878--883},
  address={2004},
  organization={ACM}
}
@article{mcgowen2006power,
  title={Power and temperature control on a 90-nm Itanium family processor},
  author={McGowen, Rich and Poirier, Christopher A and Bostak, Chris and Ignowski, Jim and Millican, Mark and Parks, Warren H and Naffziger, Samuel},
  journal={Solid-State Circuits, IEEE Journal of},
  volume={41},
  number={1},
  pages={229--237},
  year={2006},
  publisher={IEEE}
}
@Article{Huang:MICRO'11,
  author =       {Wei Huang and Karthick Rajamani and Mircea Stan and Kevin Skadron},
  title =        {Scaling with Design Constraints: Predicting the Future of Big Chips},
  journal =      {IEEE Micro},
  year =         {2011},
  pages =    {16--29},
  volume = {31},
  number = {4},
  month = {July-August},
}







@Article{Brooks:MICRO'07,
  author =       {David Brooks and Robert Dick and Russ Joseph and Li Shang},
  title =        {Power, Thermal, and Reliability Modeling in Nanometer-Scale Microprocessors},
  journal =      {IEEE Micro},
  year =         {2007},
  pages =    {49--62},
  volume = {27},
  number = {3},
  month = {May-June},
}



@conference{Powell:ASPLOS'04,
  author =       {Michael Powell and Mohamed Gomaa and T.N. Vijaykumar},
  title =        {{Heat-and-Run}: Leveraging {SMT} and {CMP} to Manage Power Density Through the Operating System},
  publisher =    asplos,
  pages =    {260--270},
  address =     {2004},
 month = {October},
 location = {Boston, MA, USA},
}

@conference{Ge:DAC'10,
author = {Yang Ge and Parth Malani and Qinru Qiu},
title = {{Distributed task migration for thermal management in many-core systems}},
publisher = dac,
year = {2010},
month = {June},
address = {San Diego, CA, USA},
pages = {579--584}
}

@Article{Chantem:TVLSI'11,
  author =       {Thidapat Chantem and Sharon Hu and Robert Dick},
  title =        {Temperature-Aware Scheduling and Assignment for Hard Real-Time Applications on {MPSoCs}},
  journal =     tvlsi,
  year =         {2011},
  volume =   {19},
  number =   {10},
  pages =     {1884--1897},
  month =     {October},
}

@conference{Liu:DATE'12,
author = {Guanglei Liu and Ming Fan and Gang Quan},
title = {Neigbor-Aware Dynamic Thermal Management for Multi-core Platform},
publisher = date,
year = {2012},
month = {March},
address = {Dresden, Germany},
pages = {187--192}
}

@conference{Ayoub:ISLPED'09,
 author = {Raid Ayoub and Tajana Rosing},
 title = {Predict and Act: Dynamic Thermal Management for Multi-Core Processor},
 publisher = islped,
 year = {2009},
 pages = {99--104},
 address = {San Francisco, CA, USA},
 month = {August}
 }

@conference{Ebi:ICCAD'09,
 author = {Thomas Ebi and {Mohammad Abdullah} {Al Faruque} and J\"{o}rg Henkel},
 title = {{TAPE}: Thermal-aware agent-based power economy for multi/many-core architectures},
 publisher = iccad,
 year = {2009},
 address = {San Jose, CA, USA},
 pages = {302--309},
 }

@conference{Skadron:ISCA'03,
 author = {Kevin Skadron and Mircea Stan and Wei Huang and Siva Velusamy and Karthik Sankaranarayanan and David Tarjan},
 title = {Temperature-Aware Microarchitecture},
 publisher = isca,
 address = {2003},
 pages = {2--13},
 }

@conference{Jayaseelan:ICCAD'09,
 author = {Ramkumar Jayaseelan and Tulika Mitra},
 title = {A hybrid local-global approach for multi-core thermal management},
 publisher = iccad,
 year = {2009},
 pages = {314--320},
 address = {San Jose, CA, USA},
 }

@Article{Mutapcic:TCASI'09,
  author =       {Almir Mutapcic and Stephen Boyd and Srinivasan Murali and David Atienza and Giovanni {De Micheli} and Rajesh Gupta},
  title =        {Processor Speed Control with Thermal Constraints},
  journal =      tcasI,
  year =         {2009},
  volume =   {56},
  number =   {9},
  pages =     {1994--2007},
  month =     {September},
}

@conference{Brooks:HPCA'04,
  author =       {David Brooks and Margaret Martonosi},
  title =        {Dynamic thermal management for high-performance microprocessors},
  publisher =    hpca,
  pages =    {171--182},
  year =     {2001},
  month =     {Jan.},
 address = {Monterrey, Mexico},
}

@article{Hanumaiah:TCAD'11,
 author = {Vinay Hanumaiah and Sarma Vrudhula and Karam Chatha},
 title = {Performance optimal online {DVFS} and task migration techniques for thermally constrained multi-core processors},
 journal = tcad,
 volume = {30},
 number = {11},
 year = {2011},
 pages = {1677--1690},
 month =  {November},
 }

@article{Hanumaiah:TCOMP'14,
 author = {Vinay Hanumaiah and Sarma Vrudhula},
 title = {Energy-efficient operation of multicore processors by {DVFS}, task migration, and active cooling},
 journal = tcomp,
 volume = {63},
 number = {2},
 year = {2014},
 pages = {349--360},
 month =  {February},
 }

@book{Wang:MPC_BOOK'09,
      author       = "Liuping Wang",
      title        = "Model Predictive Control System Design and Implementation Using MATLAB",
      publisher    = "Springer",
      year         = "2009",
}

@conference{Zanini:ECCTD'09,
 author = {F.~Zanini and D.~Atienza and L.~Benini and G.~{De Micheli}},
 title = {Multicore Thermal Management with Model Predictive Control},
 publisher = {Proc. 19th European Conference on Cicuit Theory and Design},
 year = {2009},
 OPTisbn = {978-1-4244-8192-7},
 pages = {90--95},
 address = {Antalya, Turkey},
 publisher = {IEEE Press},
 address = {Piscataway, NJ, USA},
 }

@conference{Wang:ISCA'09,
 author = {Yefu Wang and Kai Ma and Xiaorui Wang},
 title = {Temperature-Constrained Power Control for Chip Multiprocessors with Online Model Estimation},
 publisher = isca,
 address = {2009},
 pages = {314--324},
}

@Article{Bartolini:TPDS'13,
  author =       {Andrea Bartolini and Matteo Cacciari and Andrea Tilli and Luca Benini},
  title =        {Thermal and Energy Management of High-Performance Multicores: Distributed and Self-Calibrating Model-Predictive Controller},
  journal =      {IEEE Transactions on Parallel and Distributed Systems},
  year =         {2013},
  volume =   {24},
  number =   {1},
  pages =     {170--183},
  month =     {January},
}



@Article{Huang:TVLSI'06,
  author =       {Wei Huang and Shougata Ghosh and Siva Velusamy and Karthik Sankaranarayanan and Kevin Skadron and Mircea R. Stan},
  title =        {{HotSpot}: A Compact Thermal Modeling Methodology for Early-Stage {VLSI} Design},
  journal =      tvlsi,
  year =         {2006},
  pages =    {501--513},
  volume = {14},
  number = {5},
  month = {May},
}

@conference{Brooks:ISCA'00,
 author = {David Brooks and Vivek Tiwari and Margaret Martonosi},
 title = {Wattch: A Framework for Architectural-Level Power Analysis and Optimizations},
 publisher = isca,
 year = {2000},
 pages = {83--94},
 address = {Vancouver, BC, Canada},
 }

@Article{Henning:IEEEC'00,
  author =               {John L. Henning},
  title =                {{SPEC CPU 2000}: Measuring {CPU} Performance in the New Millennium},
  journal =      {IEEE computer},
  year =                 {2000},
  volume =       {1},
  number = {7},
  pages =        {28--35},
  month =        {July},
}
@conference{Dutt:DAC'96,
  title={A probability-based approach to VLSI circuit partitioning},
  author={Dutt, Shantanu and Deng, Wenyong},
  publisher= dac,
  pages={100--105},
  address={1996},
  organization={ACM}
}

@conference{Kadin:GLSVLSI'09,
  author =       {M. Kadin and S. Reda and A. Uht},
  title =        {Central versus Distributed Dynamic Thermal Management for Multi-Core Processors: Which One Is Better?},
 publisher = glsvlsi,
 address = {2009},
 pages = {137--140},
 }



@conference{Fidducia:DAC'82,
 author = {C. Fidducia and R. Mattheyses},
 title = {A linear-time heuristic for improving network partitions},
 publisher = dac,
 address = {1982},
 pages = {175--181},
 }


@conference{Shafique:DAC'14,
author={ Shafique,Muhammad and Garg, Shelly and Henkel, Jo04Rg and Marculescu, Dinan},
title={The {EDA} challenges in the dark silicon era},
publisher= dac,
address={2014},
pages = {1--6},
month ={June.},
}





@article{Taylor:MICRO'13,
  author={Michael Taylor},
  title={A Landscape of the New Dark Silicon Design Regime},
  journal =  {IEEE Micro},
  year={2013},
  volume = {33},
  number = {5},
  pages = {8--19},
  month =  {October}
}

@conference{Muthukaruppan:DAC'13,
  title={Hierarchical Power Management for Asymmetric Multi-Core in Dark Silicon Era},
  author={Thannirmalai Somu Muthukaruppan and Mihai Pricopi and Vanchinathan Venkataramani and Tulika Mitra and Sanjay Vishin},
  publisher= dac,
  pages={1--9},
  address={2013},
 month={May}
}



@conference{Cuesta:ISVLSI'10,
  title={Adaptive Task Migration Policies for Thermal control in {MPSoCs}},
  author={David Cuesta and Jose Ayala and Jose Hidalgo and David Atienza and Andrea Acquaviva and Enrico Macii},
  publisher= {IEEE Annual Symposium on VLSI},
  pages={110--115},
  address={2010},
}

@conference{Khdr:DAC'15,
  title={Thermal Constrained Resource Management
for Mixed {ILP-TLP} Workloads in Dark Silicon Chips},
  author={Heba Khdr and Santiago Pagani and Muhammad Shafique and JoÌˆrg Henkel},
  publisher= dac,
  pages={1--6},
  address={2015},
}

@conference{Cong:ISLPED'12,
  title={Energy-Efficient Scheduling on Heterogeneous Multi-Core Architectures},
  author={Jason Cong and Bo Yuan},
  publisher= islped,
  pages={345--350},
  address={2012},
}

@conference{Tan:ASPDAC'15,
  title={Approximation-Aware Scheduling on Heterogeneous Multi-core Architectures},
  author={Cheng Tan and Thannirmalai Muthukaruppan and Tulika Mitra and Lei Ju},
  publisher= aspdac,
  pages={618--623},
  address={2015},
}
@article{munkres1957algorithms,
  title={Algorithms for the assignment and transportation problems},
  author={Munkres, James},
  journal={Journal of the Society for Industrial and Applied Mathematics},
  volume={5},
  number={1},
  pages={32--38},
  year={1957},
  publisher={SIAM}
}
